@software{imagej,
	title = {{ImageJ}},
	url = {imagej.nih.gov/ij/},
	version = {1.50i},
	author = {{Wayne Rasband}},
	date = {2016-06-16}
}

@online{water_tension,
    date={2016-08-25},
    url= {http://www.surface-tension.de}
}

@article{pendant_drop,
  title={Surface tension measurements using the drop shape method},
  author={Woodward, Roger P},
  journal={First Ten Angstroms), http://www. first tenangstroms. com/pdfdocs/STPaper. pdf. Accessed},
  volume={28},
  year={2013}
}

@article{water_tension2,
    title="Revised Release on Surface Tension of Ordinary Water Substance",
    author="The International Association for the Properties of Water and Steam ",
    url={http://www.iapws.org/relguide/Surf-H2O-2014.pdf},
    date="2014"
}
